@misc{Baheti12Choose,
    title = {{12 Types of Neural Networks Activation Functions: How to Choose?}},
    author = {Baheti, Pragati},
    url = {https://www.v7labs.com/blog/neural-networks-activation-functions}
}

@misc{Wolff20205Learning,
    title = {{5 Types of Classification Algorithms in Machine Learning}},
    year = {2020},
    author = {Wolff, Rachel},
    month = {8},
    url = {https://monkeylearn.com/blog/classification-algorithms/}
}

@article{Ganatra2018ATools,
    title = {{A Comprehensive Study of Deep Learning Architectures, Applications and Tools}},
    year = {2018},
    journal = {International Journal of Computer Sciences and Engineering},
    author = {Ganatra, Nilay and Patel, Atul},
    month = {12},
    pages = {701--705},
    volume = {6},
    doi = {10.26438/ijcse/v6i12.701705}
}

@incollection{Imran2019AClassification,
    title = {{A Neuro-Fuzzy Inference Model for Diabetic Retinopathy Classification}},
    year = {2019},
    booktitle = {Intelligent Data Analysis for Biomedical Applications},
    author = {Imran, Mohammed and Alsuhaibani, Sarah A.},
    month = {1},
    pages = {147--172},
    publisher = {Elsevier},
    url = {https://linkinghub.elsevier.com/retrieve/pii/B9780128155530000070},
    doi = {10.1016/B978-0-12-815553-0.00007-0},
    keywords = {Adaptive neuro-fuzzy inference system (ANFIS), Diabetic retinopathy, Exudates, Hemorrhages, Microaneurysms, PCA}
}

@misc{Beck2020AModelling,
    title = {{A Perspective on Machine Learning Methods in Turbulence Modelling}},
    year = {2020},
    author = {Beck, Andrea and Kurz, Marius},
    month = {11},
    pages = {},
    doi = {10.13140/RG.2.2.17469.69608}
}

@misc{Bronshtein2017AMedium,
    title = {{A Quick Introduction to K-Nearest Neighbors Algorithm | by Adi Bronshtein | Medium}},
    year = {2017},
    author = {Bronshtein, Adi},
    month = {4},
    url = {https://medium.com/@adi.bronshtein/a-quick-introduction-to-k-nearest-neighbors-algorithm-62214cea29c7}
}

@article{Alom2019AArchitectures,
    title = {{A State-of-the-Art Survey on Deep Learning Theory and Architectures}},
    year = {2019},
    journal = {Electronics},
    author = {Alom, Md. Zahangir and Taha, Tarek and Yakopcic, Chris and Westberg, Stefan and Sidike, Paheding and Nasrin, Mst and Hasan, Mahmudul and Essen, Brian and Awwal, Abdul and Asari, Vijayan},
    month = {11},
    pages = {292},
    volume = {8},
    doi = {10.3390/electronics8030292}
}

@misc{Gupta2020ActivationLearning,
    title = {{Activation Functions | Fundamentals Of Deep Learning}},
    year = {2020},
    author = {Gupta, Dishashree26},
    month = {1},
    url = {https://www.analyticsvidhya.com/blog/2020/01/fundamentals-deep-learning-activation-functions-when-to-use-them/}
}

@misc{CastrounisAIExplained,
    title = {{AI, Deep Learning, and Neural Networks Explained}},
    author = {Castrounis, Alex},
    url = {https://www.innoarchitech.com/blog/artificial-intelligence-deep-learning-neural-networks-explained}
}

@article{Rish2001AnClassifier,
    title = {{An Empirical Study of the Na{\"{i}}ve Bayes Classifier}},
    year = {2001},
    journal = {IJCAI 2001 Work Empir Methods Artif Intell},
    author = {Rish, Irina},
    month = {11},
    pages = {},
    volume = {3}
}

@misc{Bandyopadhyay2021AnKnow,
    title = {{An Introduction to Autoencoders: Everything You Need to Know}},
    year = {2021},
    author = {Bandyopadhyay, Hmrishav},
    month = {11},
    url = {https://www.v7labs.com/blog/autoencoders-guide}
}

@article{Nasteski2017AnMethods,
    title = {{An overview of the supervised machine learning methods}},
    year = {2017},
    journal = {HORIZONS.B},
    author = {Nasteski, Vladimir},
    month = {12},
    pages = {51--62},
    volume = {4},
    publisher = {University St. Kliment Ohridski - Bitola},
    url = {https://www.researchgate.net/publication/328146111_An_overview_of_the_supervised_machine_learning_methods},
    doi = {10.20544/HORIZONS.B.04.1.17.P05},
    issn = {18578578}
}

@phdthesis{Matanga2017AnalysisInterfaces,
    title = {{Analysis of Control Attainment in Endogenous Electroencephalogram Based Brain Computer Interfaces}},
    year = {2017},
    author = {Matanga, Yves},
    month = {11},
    pages = {},
    doi = {10.13140/RG.2.2.10493.05608}
}

@misc{ArtificialDataFlair,
    title = {{Artificial Neural Networks for Machine Learning - Every aspect you need to know about - DataFlair}},
    url = {https://data-flair.training/blogs/artificial-neural-networks-for-machine-learning/}
}

@misc{Badr2019Auto-Encoder:For,
    title = {{Auto-Encoder: What Is It? And What Is It Used For?}},
    year = {2019},
    author = {Badr, Will},
    month = {4},
    url = {https://towardsdatascience.com/auto-encoder-what-is-it-and-what-is-it-used-for-part-1-3e5c6f017726}
}

@misc{2019BackpropagationStep,
    title = {{Backpropagation Step by Step}},
    year = {2019},
    month = {11},
    url = {https://hmkcode.com/ai/backpropagation-step-by-step/}
}

@misc{BestGeeksforGeeks,
    title = {{Best Python libraries for Machine Learning - GeeksforGeeks}},
    url = {https://www.geeksforgeeks.org/best-python-libraries-for-machine-learning/}
}

@article{ShewalkarComparisonData,
    title = {{Comparison Of RNN, LSTM And GRU On Speech Recognition Data}},
    author = {Shewalkar, Apeksha Nagesh}
}

@article{Sarker2021DeepPerspective,
    title = {{Deep Cybersecurity: A Comprehensive Overview from Neural Network and Deep Learning Perspective}},
    year = {2021},
    author = {Sarker, Iqbal H.},
    month = {2},
    publisher = {Preprints},
    url = {https://www.preprints.org/manuscript/202102.0340/v1},
    doi = {10.20944/PREPRINTS202102.0340.V1},
    keywords = {Artificial Intelligence, Artificial Neural Network, Cyber Threat Intelligence, Cyber-Attacks, Cybersecurity, Cybersecurity Analytics, Deep Learning}
}

@misc{Madhavan2021DeepDeveloper,
    title = {{Deep learning architectures â€“ IBM Developer}},
    year = {2021},
    author = {Madhavan, Samaya and Jones, M. Tim},
    month = {1},
    url = {https://developer.ibm.com/articles/cc-machine-learning-deep-learning-architectures/}
}

@inproceedings{Mohra2019DeepRecognition,
    title = {{Deep Learning Face Detection and Recognition}},
    year = {2019},
    author = {Mohra, Ashraf and Mohamed, Samar and Mohamed, Wael and Khalil, Abeer and Abd El-Kader, Sherine},
    month = {11},
    pages = {}
}

@article{DeClercq2018DeepSequences,
    title = {{Deep learning for classification of DNA functional sequences}},
    year = {2018},
    author = {De Clercq, Griet}
}

@misc{DeepCodecademy,
    title = {{Deep Learning Workflow | Codecademy}},
    url = {https://www.codecademy.com/articles/deep-learning-workflow}
}

@misc{Shukla2019DesigningWalkthrough,
    title = {{Designing Your Neural Networks. A Step by Step Walkthrough}},
    year = {2019},
    author = {Shukla, Lavanya},
    month = {9},
    url = {https://towardsdatascience.com/designing-your-neural-networks-a5e4617027ed}
}

@phdthesis{Mehra2020DetectionPosts.,
    title = {{Detection of Offensive Language in Social Media Posts.}},
    year = {2020},
    author = {Mehra, Sidharth and Hasanuzzaman, Mohammed},
    month = {11},
    pages = {},
    doi = {10.13140/RG.2.2.23097.80485}
}

@misc{2020DNASheet,
    title = {{DNA Sequencing Fact Sheet}},
    year = {2020},
    month = {8},
    url = {https://www.genome.gov/about-genomics/fact-sheets/DNA-Sequencing-Fact-Sheet}
}

@misc{DivakarForwardNetworks,
    title = {{Forward Propagation In Neural Networks}},
    author = {Divakar, Varun and Pachanekar, Rekhit},
    url = {https://blog.quantinsti.com/forward-propagation-neural-networks/}
}

@misc{Brownlee2019HowNetworks,
    title = {{How to Avoid Overfitting in Deep Learning Neural Networks}},
    year = {2019},
    author = {Brownlee, Jason},
    month = {8},
    url = {https://machinelearningmastery.com/introduction-to-regularization-to-reduce-overfitting-and-improve-generalization-error/}
}

@misc{Beaumont2020ImageMedium,
    title = {{Image embeddings | Medium}},
    year = {2020},
    author = {Beaumont, Romain},
    month = {7},
    url = {https://rom1504.medium.com/image-embeddings-ed1b194d113e}
}

@misc{Brownlee2020IntroductionLearning,
    title = {{Introduction to Dimensionality Reduction for Machine Learning}},
    year = {2020},
    author = {Brownlee, Jason},
    month = {5},
    url = {https://machinelearningmastery.com/dimensionality-reduction-for-machine-learning/}
}

@misc{Shafkat2018IntuitivelyLearning,
    title = {{Intuitively Understanding Convolutions for Deep Learning}},
    year = {2018},
    author = {Shafkat, Irhum},
    month = {6},
    url = {https://towardsdatascience.com/intuitively-understanding-convolutions-for-deep-learning-1f6f42faee1}
}

@misc{Singh2018K-NearestPython,
    title = {{K-Nearest Neighbors Algorithm | KNN Regression Python}},
    year = {2018},
    author = {Singh, Aishwarya},
    month = {8},
    url = {https://www.analyticsvidhya.com/blog/2018/08/k-nearest-neighbor-introduction-regression-python/}
}

@misc{Tyagi2021L2Learning,
    title = {{L2 vs L1 Regularization in Machine Learning}},
    year = {2021},
    author = {Tyagi, Neelam},
    month = {3},
    url = {https://www.analyticssteps.com/blogs/l2-and-l1-regularization-machine-learning}
}

@misc{Kenton2021LeastDefinition,
    title = {{Least Squares Method Definition}},
    year = {2021},
    author = {Kenton, Will},
    month = {2},
    url = {https://www.investopedia.com/terms/l/least-squares-method.asp}
}

@article{Mostafa2020MachineArticle,
    title = {{Machine and Deep Learning Approaches in Genome: Review Article}},
    year = {2020},
    journal = {Alfarama Journal of Basic {\&} Applied Sciences},
    author = {Mostafa, Bossy and El-Attar, Noha and Abd-Elhafeez, Samy and Awad, Wael},
    month = {12},
    pages = {},
    doi = {10.21608/ajbas.2020.34160.1023}
}

@misc{MachineRegressionModel,
    title = {{Machine Learning - Linear (Regression|Model)}},
    url = {https://datacadamia.com/data_mining/linear_regression}
}

@article{Mahesh2019MachineReview,
    title = {{Machine Learning Algorithms -A Review}},
    year = {2019},
    author = {Mahesh, Batta},
    month = {11},
    pages = {},
    url = {https://www.researchgate.net/publication/344717762_Machine_Learning_Algorithms_-A_Review},
    doi = {10.21275/ART20203995}
}

@article{Sharma2021MachineVision,
    title = {{Machine Learning and Deep Learning Applications-A Vision}},
    year = {2021},
    journal = {Global Transitions Proceedings},
    author = {Sharma, Neha and Sharma, Reecha and Jindal, Neeru},
    number = {1},
    month = {6},
    pages = {24--28},
    volume = {2},
    publisher = {Elsevier},
    url = {https://linkinghub.elsevier.com/retrieve/pii/S2666285X21000042},
    doi = {10.1016/j.gltp.2021.01.004},
    issn = {2666285X}
}

@misc{MachineDevelopers,
    title = {{Machine Learning Glossary Â |Â  Google Developers}},
    url = {https://developers.google.com/machine-learning/glossary}
}

@misc{MachineRun:AI,
    title = {{Machine Learning Workflow - Run:AI}},
    url = {https://www.run.ai/guides/machine-learning-engineering/machine-learning-workflow/}
}

@article{Sah2020MachineTypes,
    title = {{Machine Learning: A Review of Learning Types}},
    year = {2020},
    author = {Sah, Shagan},
    month = {7},
    publisher = {Preprints},
    url = {https://www.preprints.org/manuscript/202007.0230/v1},
    doi = {10.20944/PREPRINTS202007.0230.V1},
    keywords = {Machine Learning}
}

@article{Sarker2021MachineDirections,
    title = {{Machine Learning: Algorithms, Real-World Applications and Research Directions}},
    year = {2021},
    journal = {SN Computer Science 2021 2:3},
    author = {Sarker, Iqbal H.},
    number = {3},
    month = {3},
    pages = {1--21},
    volume = {2},
    publisher = {Springer},
    url = {https://link.springer.com/article/10.1007/s42979-021-00592-x},
    isbn = {0123456789},
    doi = {10.1007/S42979-021-00592-X},
    issn = {2661-8907},
    keywords = {Computer Imaging, Computer Science, Computer Systems Organization and Communication Networks, Data Structures and Information Theory, Information Systems and Communication Service, Pattern Recognition and Graphics, Software Engineering/Programming and Operating Systems, Vision, general}
}

@misc{MaquinaExplicada,
    title = {{M{\'{a}}quina de vetores de suporte (SVM) explicada}},
    url = {https://ichi.pro/pt/maquina-de-vetores-de-suporte-svm-explicada-97743104690915}
}

@article{Reed1999NeuralNetworks,
    title = {{Neural smithing : supervised learning in feedforward artificial neural networks}},
    year = {1999},
    author = {Reed, Russell D. and Marks, Robert J.},
    pages = {346},
    publisher = {MIT Press},
    isbn = {9780262181907}
}

@article{Chauhan2020OptimizationNetworks,
    title = {{Optimization Algorithms in Neural Networks}},
    year = {2020},
    author = {Chauhan, Nagesh},
    month = {12},
    url = {https://www.kdnuggets.com/2020/12/optimization-algorithms-neural-networks.html}
}

@article{Shewalkar2019PerformanceGRU,
    title = {{Performance Evaluation Of Deep Neural Networks Applied To Speech Recognition: RNN, LSTM And GRU}},
    year = {2019},
    journal = {JAISCR},
    author = {Shewalkar, Apeksha and Nyavanandi, Deepika and Ludwig, Simone A},
    number = {4},
    pages = {235},
    volume = {9},
    doi = {10.2478/jaiscr-2019-0006},
    keywords = {Connectionist Temporal Classification, Spectrogram, TED-LIUM data set}
}

@article{Kassel2017PredictingAzavea,
    title = {{Predicting Building Code Compliance with Machine Learning Models | Azavea}},
    year = {2017},
    author = {Kassel, Simon},
    month = {9},
    url = {https://www.azavea.com/blog/2017/09/21/building-inspection-prediction/}
}

@misc{Gupta2017RecurrentLearning,
    title = {{Recurrent Neural Network | Fundamentals Of Deep Learning}},
    year = {2017},
    author = {Gupta, Dishashree26},
    month = {12},
    url = {https://www.analyticsvidhya.com/blog/2017/12/introduction-to-recurrent-neural-networks/}
}

@article{KascheRegularizationNetworks,
    title = {{Regularization Methods in Neural Networks}},
    author = {Kasche, Jacob and Nordstr{\"{o}}m, Fredrik}
}

@article{Alzubaidi2021ReviewDirections,
    title = {{Review of deep learning: concepts, CNN architectures, challenges, applications, future directions}},
    year = {2021},
    journal = {Journal of Big Data 2021 8:1},
    author = {Alzubaidi, Laith and Zhang, Jinglan and Humaidi, Amjad J. and Al-Dujaili, Ayad and Duan, Ye and Al-Shamma, Omran and Santamar{\'{i}}a, J. and Fadhel, Mohammed A. and Al-Amidie, Muthana and Farhan, Laith},
    number = {1},
    month = {3},
    pages = {1--74},
    volume = {8},
    publisher = {SpringerOpen},
    url = {https://journalofbigdata.springeropen.com/articles/10.1186/s40537-021-00444-8},
    doi = {10.1186/S40537-021-00444-8},
    issn = {2196-1115},
    keywords = {Communications Engineering, Computational Science and Engineering, Data Mining and Knowledge Discovery, Database Management, Information Storage and Retrieval, Machine learning, Mathematical Applications in Computer Science, Medical image analysis, Networks, Supervised learning, Transfer learning}
}

@article{Yang2020ReviewDNA,
    title = {{Review on the Application of Machine Learning Algorithms in the Sequence Data Mining of DNA}},
    year = {2020},
    journal = {Frontiers in Bioengineering and Biotechnology},
    author = {Yang, Aimin and Zhang, Wei and Wang, Jiahao and Yang, Ke and Han, Yang and Zhang, Limin},
    month = {9},
    pages = {1032},
    volume = {8},
    publisher = {Frontiers Media S.A.},
    doi = {10.3389/FBIOE.2020.01032},
    issn = {22964185},
    keywords = {DNA pattern mining, DNA sequence, DNA sequence alignment, DNA sequence classification, DNA sequence clustering, data mining, machine learning}
}

@article{Khan2019RNN-LSTM-GRUTransformation,
    title = {{RNN-LSTM-GRU based language transformation}},
    year = {2019},
    journal = {Soft Computing},
    author = {Khan, Ahmed and Sarfaraz, Aaliya},
    number = {24},
    month = {12},
    pages = {13007--13024},
    volume = {23},
    publisher = {Springer Verlag},
    url = {https://link.springer.com/article/10.1007/s00500-019-04281-z},
    doi = {10.1007/S00500-019-04281-Z/FIGURES/15},
    issn = {14337479},
    keywords = {Artificial Intelligence, Computational Intelligence, Control, Mathematical Logic and Foundations, Mechatronics, Robotics}
}

@article{Amir2021SGDHelp,
    title = {{SGD Generalizes Better Than GD (And Regularization Doesn't Help)}},
    year = {2021},
    author = {Amir, Idan and Koren, Tomer and Livni, Roi},
    month = {2},
    url = {https://arxiv.org/abs/2102.01117v2},
    arxivId = {2102.01117}
}

@article{Samuel1959SomeCheckers,
    title = {{Some Studies in Machine Learning Using the Game of Checkers}},
    year = {1959},
    journal = {undefined},
    author = {Samuel, A. L.},
    number = {3},
    month = {7},
    pages = {210--229},
    volume = {3},
    url = {http://ieeexplore.ieee.org/document/5392560/},
    doi = {10.1147/RD.33.0210},
    issn = {0018-8646}
}

@misc{Pickell2018StructuredDifference,
    title = {{Structured vs Unstructured Data â€“ What's the Difference?}},
    year = {2018},
    author = {Pickell, Devin},
    month = {11},
    url = {https://www.g2.com/articles/structured-vs-unstructured-data}
}

@article{Liu2012SupervisedLearning,
    title = {{Supervised Learning}},
    year = {2012},
    journal = {Encyclopedia of the Sciences of Learning},
    author = {Liu, Qiong and Wu, Ying},
    pages = {3243--3245},
    publisher = {Springer, Boston, MA},
    url = {https://link.springer.com/referenceworkentry/10.1007/978-1-4419-1428-6_451},
    doi = {10.1007/978-1-4419-1428-6{\_}451}
}

@misc{TheProject,
    title = {{The Human Genome Project}},
    url = {https://www.genome.gov/human-genome-project}
}

@misc{Deyoung1990ThinkingResearch,
    title = {{Thinking about the Brain | The Institute for Creation Research}},
    year = {1990},
    author = {Deyoung, Donald B.},
    month = {2},
    url = {https://www.icr.org/article/thinking-about-brain/}
}

@misc{TotalStatista,
    title = {{Total data volume worldwide 2010-2025 | Statista}},
    url = {https://www.statista.com/statistics/871513/worldwide-data-created/}
}

@misc{Baheti2021TrainData,
    title = {{Train, Validation, and Test Set: How to Split Your Machine Learning Data}},
    year = {2021},
    author = {Baheti, Pragati},
    month = {11},
    url = {https://www.v7labs.com/blog/train-validation-test-set}
}

@misc{Chugh2018TypesKnow,
    title = {{Types of Machine Learning and Top 10 Algorithms Everyone Should Know}},
    year = {2018},
    author = {Chugh, Jay},
    month = {12},
    url = {https://blogs.oracle.com/ai-and-datascience/post/types-of-machine-learning-and-top-10-algorithms-everyone-should-know}
}

@article{Luckert2016UsingDocuments,
    title = {{Using Machine Learning Methods for Evaluating the Quality of Technical Documents}},
    year = {2016},
    author = {Luckert, Michael and Schaefer-Kehnert, Moritz},
    url = {http://urn.kb.se/resolve?urn=urn:nbn:se:lnu:diva-52087},
    keywords = {Computer Sciences, Datavetenskap (datalogi)}
}

@article{JonssonWaysDevelopment,
    title = {{Ways to use Machine Learning approaches for software development}},
    author = {Jonsson, Nicklas}
}

@misc{Pere2020WhatFunctions,
    title = {{What are Loss Functions?}},
    year = {2020},
    author = {Pere, Christophe},
    month = {6},
    url = {https://towardsdatascience.com/what-is-loss-function-1e2605aeb904}
}

@misc{Advani2021WhatUses,
    title = {{What is Machine Learning | Definition, Tools, how it Works {\&} Uses}},
    year = {2021},
    author = {Advani, Vaishali},
    month = {3},
    url = {https://www.mygreatlearning.com/blog/what-is-machine-learning/#9}
}

@misc{G2017WhatLearning,
    title = {{What is Machine Learning?}},
    year = {2017},
    author = {G, Yufeng},
    month = {8},
    url = {https://towardsdatascience.com/what-is-machine-learning-8c6871016736}
}

@misc{IBMCloudEducationWhatLearning,
    title = {{What is Machine Learning?}},
    author = {{IBM Cloud Education}},
    url = {https://www.ibm.com/cloud/learn/machine-learning}
}

@misc{2020WhatIBM,
    title = {{What is Supervised Learning? | IBM}},
    year = {2020},
    month = {8},
    url = {https://www.ibm.com/cloud/learn/supervised-learning}
}

@misc{2020WhatExpert.ai,
    title = {{What is the Definition of Machine Learning? | Expert.ai }},
    year = {2020},
    month = {5},
    url = {https://www.expert.ai/blog/machine-learning-definition/}
}

@misc{2020WhatIBMb,
    title = {{What is Unsupervised Learning? | IBM}},
    year = {2020},
    month = {9},
    url = {https://www.ibm.com/cloud/learn/unsupervised-learning?mhsrc=ibmsearch_a&mhq=unsupervised%20learning}
}

@misc{Pant2019WorkflowProject,
    title = {{Workflow of a Machine Learning project}},
    year = {2019},
    author = {Pant, Ayush},
    month = {1},
    url = {https://towardsdatascience.com/workflow-of-a-machine-learning-project-ec1dba419b94}
}

@misc{Rai2018XGBoostScience,
    title = {{XGBoost - The Excalibur for Everyone | Towards Data Science}},
    year = {2018},
    author = {Rai, Raghu},
    month = {6},
    url = {https://towardsdatascience.com/xgboost-the-excalibur-for-everyone-8009bd015f1e}
}